Frank Pfenning

@InProceedings{Dunfield03fossacs,
  author = 	 {Joshua Dunfield and Frank Pfenning},
  title = 	 {Type Assignment for Intersections and Unions in Call-by-Value Languages},
  booktitle = 	 {Proceedings of the 6th International Conference on
                  Foundations of Software Science and Computation Structures
                  (FOSSACS'03)},
  year =	 2003,
  editor =	 {A.D. Gordon},
  address =	 {Warsaw, Poland},
  month =	 apr,
  pages =        {250--266},
  publisher =    {Springer-Verlag LNCS 2620},
  urlpdf =       {http://www.cs.cmu.edu/~fp/papers/fossacs03.pdf},
}

@PhdThesis{Toninho15phd,
  author =       {Bernardo Toninho},
  title =        {A Logical Foundation for Session-based Concurrent Computation},
  school =       {Carnegie Mellon University and Universidade Nova de Lisboa},
  year =         2015,
  month =        may
  note =      {Available as Technical Report CMU-CS-15-109}
}

@PhdThesis{Griffith16phd,
  author =       {Dennis Griffith},
  title =        {Polarized Substructural Session Types},
  school =       {University of Illinois at Urbana-Champaign},
  year =         2016,
  note =         {In preparation}
}


Josh Acay

@Article{Gentzen35,
  author =	"Gentzen, Gerhard",
  title =	"Untersuchungen {\"u}ber das Logische {S}chlie{\ss}en",
  journal =	"Mathematische Zeitschrift",
  volume =	39,
  year =	1935,
  pages =	"176--210, 405--431",
  note =	"English translation in M.~E. Szabo, editor, {\em The
		  Collected Papers of Gerhard Gentzen}, pages 68--131,
		  North-Holland, 1969",
  keywords =    "logic"
}

@article{Girard87,
  author    = {Jean{-}Yves Girard},
  title     = {Linear Logic},
  journal   = {Theor. Comput. Sci.},
  volume    = {50},
  pages     = {1--102},
  year      = {1987},
  url       = {http://dx.doi.org/10.1016/0304-3975(87)90045-4},
  doi       = {10.1016/0304-3975(87)90045-4},
  timestamp = {Wed, 07 Sep 2011 12:13:20 +0200},
  biburl    = {http://dblp.uni-trier.de/rec/bib/journals/tcs/Girard87},
  bibsource = {dblp computer science bibliography, http://dblp.org}
}

@inproceedings{AmadioC91,
  author    = {Roberto M. Amadio and
               Luca Cardelli},
  title     = {Subtyping Recursive Types},
  booktitle = {Conference Record of the Eighteenth Annual {ACM} Symposium on Principles
               of Programming Languages, Orlando, Florida, USA, January 21-23, 1991},
  pages     = {104--118},
  year      = {1991},
  crossref  = {DBLP:conf/popl/1991},
  url       = {http://doi.acm.org/10.1145/99583.99600},
  doi       = {10.1145/99583.99600},
  timestamp = {Mon, 21 May 2012 16:19:49 +0200},
  biburl    = {http://dblp.uni-trier.de/rec/bib/conf/popl/AmadioC91},
  bibsource = {dblp computer science bibliography, http://dblp.org}
}

@inproceedings{FreemanP91,
  author    = {Tim Freeman and
               Frank Pfenning},
  title     = {Refinement Types for {ML}},
  booktitle = {Proceedings of the {ACM} SIGPLAN'91 Conference on Programming Language
               Design and Implementation (PLDI), Toronto, Ontario, Canada, June 26-28,
               1991},
  pages     = {268--277},
  year      = {1991},
  crossref  = {DBLP:conf/pldi/1991},
  url       = {http://doi.acm.org/10.1145/113445.113468},
  doi       = {10.1145/113445.113468},
  timestamp = {Mon, 21 May 2012 16:19:52 +0200},
  biburl    = {http://dblp.uni-trier.de/rec/bib/conf/pldi/FreemanP91},
  bibsource = {dblp computer science bibliography, http://dblp.org}
}

@inproceedings{Honda93,
  author    = {Kohei Honda},
  title     = {Types for Dyadic Interaction},
  booktitle = {{CONCUR} '93, 4th International Conference on Concurrency Theory,
               Hildesheim, Germany, August 23-26, 1993, Proceedings},
  pages     = {509--523},
  year      = {1993},
  crossref  = {DBLP:conf/concur/1993},
  url       = {http://dx.doi.org/10.1007/3-540-57208-2_35},
  doi       = {10.1007/3-540-57208-2_35},
  timestamp = {Sun, 27 May 2012 19:01:06 +0200},
  biburl    = {http://dblp.uni-trier.de/rec/bib/conf/concur/Honda93},
  bibsource = {dblp computer science bibliography, http://dblp.org}
}

@inproceedings{Damm94,
  author    = {Flemming M. Damm},
  title     = {Subtyping with Union Types, Intersection Types and Recursive Types},
  booktitle = {Theoretical Aspects of Computer Software, International Conference
               {TACS} '94, Sendai, Japan, April 19-22, 1994, Proceedings},
  pages     = {687--706},
  year      = {1994},
  crossref  = {DBLP:conf/tacs/1994},
  url       = {http://dx.doi.org/10.1007/3-540-57887-0_121},
  doi       = {10.1007/3-540-57887-0_121},
  timestamp = {Tue, 14 Jun 2011 20:35:52 +0200},
  biburl    = {http://dblp.uni-trier.de/rec/bib/conf/tacs/Damm94},
  bibsource = {dblp computer science bibliography, http://dblp.org}
}

@techreport{Damm94p2,
  TITLE = {{Subtyping with union types, intersection types and recursive types II}},
  AUTHOR = {Damm, Flemming},
  URL = {https://hal.inria.fr/inria-00074412},
  TYPE = {Research Report},
  NUMBER = {RR-2259},
  INSTITUTION = {{INRIA}},
  YEAR = {1994},
  PDF = {https://hal.inria.fr/inria-00074412/file/RR-2259.pdf},
  HAL_ID = {inria-00074412},
  HAL_VERSION = {v1},
}

@inproceedings{DunfieldP03,
  author    = {Joshua Dunfield and
               Frank Pfenning},
  title     = {Type Assignment for Intersections and Unions in Call-by-Value Languages},
  booktitle = {Foundations of Software Science and Computational Structures, 6th
               International Conference, {FOSSACS} 2003 Held as Part of the Joint
               European Conference on Theory and Practice of Software, {ETAPS} 2003,
               Warsaw, Poland, April 7-11, 2003, Proceedings},
  pages     = {250--266},
  year      = {2003},
  crossref  = {DBLP:conf/fossacs/2003},
  url       = {http://dx.doi.org/10.1007/3-540-36576-1_16},
  doi       = {10.1007/3-540-36576-1_16},
  timestamp = {Tue, 05 Jul 2011 11:05:07 +0200},
  biburl    = {http://dblp.uni-trier.de/rec/bib/conf/fossacs/DunfieldP03},
  bibsource = {dblp computer science bibliography, http://dblp.org}
}

@article{StoneS2005,
  title={Equational theories with recursive types},
  author={Stone, Christopher A and Schoonmaker, Andrew P},
  journal={Under consideration for publication in Journal Functional Programming},
  year={2005},
  publisher={Citeseer}
}

@MISC{Cervesato06,
    author = {Iliano Cervesato and Andre Scedrov},
    title = { Relating State-Based and Process-Based Concurrency through Linear Logic},
    year = {2006}
}

@inproceedings{CairesP10,
  author    = {Lu{\'{\i}}s Caires and
               Frank Pfenning},
  title     = {Session Types as Intuitionistic Linear Propositions},
  booktitle = {{CONCUR} 2010 - Concurrency Theory, 21th International Conference,
               {CONCUR} 2010, Paris, France, August 31-September 3, 2010. Proceedings},
  pages     = {222--236},
  year      = {2010},
  crossref  = {DBLP:conf/concur/2010},
  url       = {http://dx.doi.org/10.1007/978-3-642-15375-4_16},
  doi       = {10.1007/978-3-642-15375-4_16},
  timestamp = {Thu, 26 Aug 2010 16:46:17 +0200},
  biburl    = {http://dblp.uni-trier.de/rec/bib/conf/concur/CairesP10},
  bibsource = {dblp computer science bibliography, http://dblp.org}
}

@MISC{Simmons12,
    author = {Robert J. Simmons and Robert Harper and Andr√© Platzer},
    title = {Substructural Logical Specifications},
    year = {2012}
}

@inproceedings{ToninhoCP13,
  author    = {Bernardo Toninho and
               Lu{\'{\i}}s Caires and
               Frank Pfenning},
  title     = {Higher-Order Processes, Functions, and Sessions: {A} Monadic Integration},
  booktitle = {Programming Languages and Systems - 22nd European Symposium on Programming,
               {ESOP} 2013, Held as Part of the European Joint Conferences on Theory
               and Practice of Software, {ETAPS} 2013, Rome, Italy, March 16-24,
               2013. Proceedings},
  pages     = {350--369},
  year      = {2013},
  crossref  = {DBLP:conf/esop/2013},
  url       = {http://dx.doi.org/10.1007/978-3-642-37036-6_20},
  doi       = {10.1007/978-3-642-37036-6_20},
  timestamp = {Mon, 18 Feb 2013 15:03:29 +0100},
  biburl    = {http://dblp.uni-trier.de/rec/bib/conf/esop/ToninhoCP13},
  bibsource = {dblp computer science bibliography, http://dblp.org}
}

@InProceedings{Toninho14,
  author="Toninho, Bernardo and Caires, Luis and Pfenning, Frank",
  editor="Maffei, Matteo and Tuosto, Emilio",
  title="Corecursion and Non-divergence in Session-Typed Processes",
  booktitle="Trustworthy Global Computing: 9th International Symposium, TGC 2014, Rome, Italy, September 5-6, 2014. Revised Selected Papers",
  year="2014",
  publisher="Springer Berlin Heidelberg",
  address="Berlin, Heidelberg",
  pages="159--175",
  isbn="978-3-662-45917-1",
  doi="10.1007/978-3-662-45917-1_11",
  url="http://dx.doi.org/10.1007/978-3-662-45917-1_11"
}

@inproceedings{PfenningG15,
  author    = {Frank Pfenning and
               Dennis Griffith},
  title     = {Polarized Substructural Session Types},
  booktitle = {Foundations of Software Science and Computation Structures - 18th
               International Conference, FoSSaCS 2015, Held as Part of the European
               Joint Conferences on Theory and Practice of Software, {ETAPS} 2015,
               London, UK, April 11-18, 2015. Proceedings},
  pages     = {3--22},
  year      = {2015},
  crossref  = {DBLP:conf/fossacs/2015},
  url       = {http://dx.doi.org/10.1007/978-3-662-46678-0_1},
  doi       = {10.1007/978-3-662-46678-0_1},
  timestamp = {Tue, 07 Apr 2015 15:29:05 +0200},
  biburl    = {http://dblp.uni-trier.de/rec/bib/conf/fossacs/PfenningG15},
  bibsource = {dblp computer science bibliography, http://dblp.org}
}

@inproceedings{VouillonM04,
  author    = {Jerome Vouillon and
               Paul{-}Andr{\'{e}} Melli{\`{e}}s},
  title     = {Semantic types: a fresh look at the ideal model for types},
  booktitle = {Proceedings of the 31st {ACM} {SIGPLAN-SIGACT} Symposium on Principles
               of Programming Languages, {POPL} 2004, Venice, Italy, January 14-16,
               2004},
  pages     = {52--63},
  year      = {2004},
  crossref  = {DBLP:conf/popl/2004},
  url       = {http://doi.acm.org/10.1145/964001.964006},
  doi       = {10.1145/964001.964006},
  timestamp = {Tue, 22 May 2012 15:24:56 +0200},
  biburl    = {http://dblp.uni-trier.de/rec/bib/conf/popl/VouillonM04},
  bibsource = {dblp computer science bibliography, http://dblp.org}
}




@proceedings{DBLP:conf/popl/1991,
  editor    = {David S. Wise},
  title     = {Conference Record of the Eighteenth Annual {ACM} Symposium on Principles
               of Programming Languages, Orlando, Florida, USA, January 21-23, 1991},
  publisher = {{ACM} Press},
  year      = {1991},
  url       = {http://dl.acm.org/citation.cfm?id=99583},
  isbn      = {0-89791-419-8},
  timestamp = {Mon, 21 May 2012 16:19:49 +0200},
  biburl    = {http://dblp.uni-trier.de/rec/bib/conf/popl/1991},
  bibsource = {dblp computer science bibliography, http://dblp.org}
}

@proceedings{DBLP:conf/pldi/1991,
  editor    = {David S. Wise},
  title     = {Proceedings of the {ACM} SIGPLAN'91 Conference on Programming Language
               Design and Implementation (PLDI), Toronto, Ontario, Canada, June 26-28,
               1991},
  publisher = {{ACM}},
  year      = {1991},
  url       = {http://dl.acm.org/citation.cfm?id=113445},
  isbn      = {0-89791-428-7},
  timestamp = {Mon, 21 May 2012 16:19:52 +0200},
  biburl    = {http://dblp.uni-trier.de/rec/bib/conf/pldi/1991},
  bibsource = {dblp computer science bibliography, http://dblp.org}
}

@proceedings{DBLP:conf/concur/1993,
  editor    = {Eike Best},
  title     = {{CONCUR} '93, 4th International Conference on Concurrency Theory,
               Hildesheim, Germany, August 23-26, 1993, Proceedings},
  series    = {Lecture Notes in Computer Science},
  volume    = {715},
  publisher = {Springer},
  year      = {1993},
  isbn      = {3-540-57208-2},
  timestamp = {Mon, 22 Apr 2002 10:13:05 +0200},
  biburl    = {http://dblp.uni-trier.de/rec/bib/conf/concur/1993},
  bibsource = {dblp computer science bibliography, http://dblp.org}
}

@proceedings{DBLP:conf/tacs/1994,
  editor    = {Masami Hagiya and
               John C. Mitchell},
  title     = {Theoretical Aspects of Computer Software, International Conference
               {TACS} '94, Sendai, Japan, April 19-22, 1994, Proceedings},
  series    = {Lecture Notes in Computer Science},
  volume    = {789},
  publisher = {Springer},
  year      = {1994},
  isbn      = {3-540-57887-0},
  timestamp = {Wed, 19 Jun 2002 15:02:25 +0200},
  biburl    = {http://dblp.uni-trier.de/rec/bib/conf/tacs/1994},
  bibsource = {dblp computer science bibliography, http://dblp.org}
}

@proceedings{DBLP:conf/fossacs/2003,
  editor    = {Andrew D. Gordon},
  title     = {Foundations of Software Science and Computational Structures, 6th
               International Conference, {FOSSACS} 2003 Held as Part of the Joint
               European Conference on Theory and Practice of Software, {ETAPS} 2003,
               Warsaw, Poland, April 7-11, 2003, Proceedings},
  series    = {Lecture Notes in Computer Science},
  volume    = {2620},
  publisher = {Springer},
  year      = {2003},
  isbn      = {3-540-00897-7},
  timestamp = {Tue, 04 Mar 2003 10:28:25 +0100},
  biburl    = {http://dblp.uni-trier.de/rec/bib/conf/fossacs/2003},
  bibsource = {dblp computer science bibliography, http://dblp.org}
}

@proceedings{DBLP:conf/popl/2004,
  editor    = {Neil D. Jones and
               Xavier Leroy},
  title     = {Proceedings of the 31st {ACM} {SIGPLAN-SIGACT} Symposium on Principles
               of Programming Languages, {POPL} 2004, Venice, Italy, January 14-16,
               2004},
  publisher = {{ACM}},
  year      = {2004},
  url       = {http://dl.acm.org/citation.cfm?id=964001},
  isbn      = {1-58113-729-X},
  timestamp = {Tue, 22 May 2012 15:24:56 +0200},
  biburl    = {http://dblp.uni-trier.de/rec/bib/conf/popl/2004},
  bibsource = {dblp computer science bibliography, http://dblp.org}
}

@proceedings{DBLP:conf/concur/2010,
  editor    = {Paul Gastin and
               Fran{\c{c}}ois Laroussinie},
  title     = {{CONCUR} 2010 - Concurrency Theory, 21th International Conference,
               {CONCUR} 2010, Paris, France, August 31-September 3, 2010. Proceedings},
  series    = {Lecture Notes in Computer Science},
  volume    = {6269},
  publisher = {Springer},
  year      = {2010},
  url       = {http://dx.doi.org/10.1007/978-3-642-15375-4},
  doi       = {10.1007/978-3-642-15375-4},
  isbn      = {978-3-642-15374-7},
  timestamp = {Thu, 26 Aug 2010 16:45:23 +0200},
  biburl    = {http://dblp.uni-trier.de/rec/bib/conf/concur/2010},
  bibsource = {dblp computer science bibliography, http://dblp.org}
}

@proceedings{DBLP:conf/esop/2013,
  editor    = {Matthias Felleisen and
               Philippa Gardner},
  title     = {Programming Languages and Systems - 22nd European Symposium on Programming,
               {ESOP} 2013, Held as Part of the European Joint Conferences on Theory
               and Practice of Software, {ETAPS} 2013, Rome, Italy, March 16-24,
               2013. Proceedings},
  series    = {Lecture Notes in Computer Science},
  volume    = {7792},
  publisher = {Springer},
  year      = {2013},
  url       = {http://dx.doi.org/10.1007/978-3-642-37036-6},
  doi       = {10.1007/978-3-642-37036-6},
  isbn      = {978-3-642-37035-9},
  timestamp = {Mon, 18 Feb 2013 14:59:57 +0100},
  biburl    = {http://dblp.uni-trier.de/rec/bib/conf/esop/2013},
  bibsource = {dblp computer science bibliography, http://dblp.org}
}

@proceedings{DBLP:conf/fossacs/2015,
  editor    = {Andrew M. Pitts},
  title     = {Foundations of Software Science and Computation Structures - 18th
               International Conference, FoSSaCS 2015, Held as Part of the European
               Joint Conferences on Theory and Practice of Software, {ETAPS} 2015,
               London, UK, April 11-18, 2015. Proceedings},
  series    = {Lecture Notes in Computer Science},
  volume    = {9034},
  publisher = {Springer},
  year      = {2015},
  url       = {http://dx.doi.org/10.1007/978-3-662-46678-0},
  doi       = {10.1007/978-3-662-46678-0},
  isbn      = {978-3-662-46677-3},
  timestamp = {Tue, 07 Apr 2015 15:28:20 +0200},
  biburl    = {http://dblp.uni-trier.de/rec/bib/conf/fossacs/2015},
  bibsource = {dblp computer science bibliography, http://dblp.org}
}


@InProceedings{Dunfield03fossacs,
  author = 	 {Joshua Dunfield and Frank Pfenning},
  title = 	 {Type Assignment for Intersections and Unions in Call-by-Value Languages},
  booktitle = 	 {Proceedings of the 6th International Conference on
                  Foundations of Software Science and Computation Structures
                  (FOSSACS'03)},
  year =	 2003,
  editor =	 {A.D. Gordon},
  address =	 {Warsaw, Poland},
  month =	 apr,
  pages =        {250--266},
  publisher =    {Springer-Verlag LNCS 2620},
  urlpdf =       {http://www.cs.cmu.edu/~fp/papers/fossacs03.pdf},
}

@PhdThesis{Toninho15phd,
  author =       {Bernardo Toninho},
  title =        {A Logical Foundation for Session-based Concurrent Computation},
  school =       {Carnegie Mellon University and Universidade Nova de Lisboa},
  year =         2015,
  month =        may,
  note =      {Available as Technical Report CMU-CS-15-109}
}


@InProceedings{DeYoung12csl,
  author = 	 {Henry DeYoung and Lu{\'\i}s Caires and Frank
                  Pfenning and Bernardo Toninho},
  title = 	 {Cut Reduction in Linear Logic as Asynchronous
                  Session-Typed Communication},
  booktitle = {Proceedings of the 21st Conference on Computer
                  Science Logic},
  pages = 	 {228--242},
  year = 	 2012,
  editor = 	 {P. C{\'e}gielski and A. Durand},
  series = 	 {CSL 2012},
  address = 	 {Fontainebleau, France},
  month = 	 sep,
  publisher = {Leibniz International Proceedings in Informatics},
  urlpdf = {http://www.cs.cmu.edu/~fp/papers/csl12.pdf}
}

@InProceedings{Caires13esop,
  author =       {Lu{\'\i}s Caires and Jorge A. P{\'e}rez and Frank
                  Pfenning and Bernardo Toninho},
  title =        {Behavioral Polymorphism and Parametricity in Session-Based Communication},
  booktitle = {Proceedings of the European Symposium on Programming (ESOP'13)},
  pages =     {330--349},
  year =      2013,
  editor =    {M.Felleisen and P.Gardner},
  address =   {Rome, Italy},
  month =     mar,
  publisher = {Springer LNCS 7792},
  urlpdf = {http://www.cs.cmu.edu/~fp/papers/esop13b.pdf}
}

@PhdThesis{Griffith16phd,
  author =       {Dennis Griffith},
  title =        {Polarized Substructural Session Types},
  school =       {University of Illinois at Urbana-Champaign},
  year =         2016,
  month =        apr,
  note =         {In preparation}
}
