@inproceedings{VouillonM04,
  author = {Jerome Vouillon and
               Paul{-}Andr{\'{e}} Melli{\`{e}}s},
  title = {Semantic types: a fresh look at the ideal model for types},
  booktitle = {{POPL}},
  pages = {52--63},
  publisher = {{ACM}},
  year = {2004}
}

@inproceedings{ToninhoCP14,
  author = {Bernardo Toninho and
               Lu{\'{\i}}s Caires and
               Frank Pfenning},
  title = {Corecursion and Non-divergence in Session-Typed Processes},
  booktitle = {{TGC}},
  series = {Lecture Notes in Computer Science},
  volume = {8902},
  pages = {159--175},
  publisher = {Springer},
  year = {2014}
}

@inproceedings{ToninhoCP13,
  author = {Bernardo Toninho and
               Lu{\'{\i}}s Caires and
               Frank Pfenning},
  title = {Higher-Order Processes, Functions, and Sessions: {A} Monadic Integration},
  booktitle = {{ESOP}},
  series = {Lecture Notes in Computer Science},
  volume = {7792},
  pages = {350--369},
  publisher = {Springer},
  year = {2013}
}

@inproceedings{PfenningG15,
  author = {Frank Pfenning and
               Dennis Griffith},
  title = {Polarized Substructural Session Types},
  booktitle = {FoSSaCS},
  series = {Lecture Notes in Computer Science},
  volume = {9034},
  pages = {3--22},
  publisher = {Springer},
  year = {2015}
}

@inproceedings{Honda93,
  author = {Kohei Honda},
  title = {Types for Dyadic Interaction},
  booktitle = {{CONCUR}},
  series = {Lecture Notes in Computer Science},
  volume = {715},
  pages = {509--523},
  publisher = {Springer},
  year = {1993}
}

@article{Girard87,
  author = {Jean{-}Yves Girard},
  title = {Linear Logic},
  journal = {Theor. Comput. Sci.},
  volume = {50},
  pages = {1--102},
  year = {1987}
}

@article{GayH05,
  author = {Simon J. Gay and
               Malcolm Hole},
  title = {Subtyping for session types in the pi calculus},
  journal = {Acta Inf.},
  volume = {42},
  number = {2-3},
  pages = {191--225},
  year = {2005}
}

@inproceedings{FreemanP91,
  author = {Tim Freeman and
               Frank Pfenning},
  title = {Refinement Types for {ML}},
  booktitle = {{PLDI}},
  pages = {268--277},
  publisher = {{ACM}},
  year = {1991}
}

@inproceedings{Dunfield03,
  author = {Joshua Dunfield and
               Frank Pfenning},
  title = {Type Assignment for Intersections and Unions in Call-by-Value Languages},
  booktitle = {FoSSaCS},
  series = {Lecture Notes in Computer Science},
  volume = {2620},
  pages = {250--266},
  publisher = {Springer},
  year = {2003}
}

@inproceedings{DeYoungCPT12,
  author = {Henry DeYoung and
               Lu{\'{\i}}s Caires and
               Frank Pfenning and
               Bernardo Toninho},
  title = {Cut Reduction in Linear Logic as Asynchronous Session-Typed Communication},
  booktitle = {{CSL}},
  series = {LIPIcs},
  volume = {16},
  pages = {228--242},
  publisher = {Schloss Dagstuhl - Leibniz-Zentrum fuer Informatik},
  year = {2012}
}

@inproceedings{Damm94,
  author = {Flemming M. Damm},
  title = {Subtyping with Union Types, Intersection Types and Recursive Types},
  booktitle = {{TACS}},
  series = {Lecture Notes in Computer Science},
  volume = {789},
  pages = {687--706},
  publisher = {Springer},
  year = {1994}
}

@article{CervesatoS09,
  author = {Iliano Cervesato and
               Andre Scedrov},
  title = {Relating state-based and process-based concurrency through linear
               logic (full-version)},
  journal = {Inf. Comput.},
  volume = {207},
  number = {10},
  pages = {1044--1077},
  year = {2009}
}

@inproceedings{CairesPPT13,
  author = {Lu{\'{\i}}s Caires and
               Jorge A. P{\'{e}}rez and
               Frank Pfenning and
               Bernardo Toninho},
  title = {Behavioral Polymorphism and Parametricity in Session-Based Communication},
  booktitle = {{ESOP}},
  series = {Lecture Notes in Computer Science},
  volume = {7792},
  pages = {330--349},
  publisher = {Springer},
  year = {2013}
}

@inproceedings{CairesP10,
  author = {Lu{\'{\i}}s Caires and
               Frank Pfenning},
  title = {Session Types as Intuitionistic Linear Propositions},
  booktitle = {{CONCUR}},
  series = {Lecture Notes in Computer Science},
  volume = {6269},
  pages = {222--236},
  publisher = {Springer},
  year = {2010}
}

@inproceedings{AmadioC91,
  author = {Roberto M. Amadio and
               Luca Cardelli},
  title = {Subtyping Recursive Types},
  booktitle = {{POPL}},
  pages = {104--118},
  publisher = {{ACM} Press},
  year = {1991}
}
