@INPROCEEDINGS{Freeman91,
  author = {Tim Freeman and Frank Pfenning},
  title = {Refinement Types for {ML}},
  booktitle = {Proceedings of the SIGPLAN '91 Symposium on Language Design and Implementation},
  year = 1991,
  pages = {268--277},
  publisher = {ACM Press},
  address = {Toronto, Ontario},
  month = jun,
  urlpdf = {https://www.cs.cmu.edu/~fp/papers/pldi91.pdf},
}

@INPROCEEDINGS{Vazou14,
  author = {Niki Vazou and Eric L. Seidel and  Ranjit Jhala and Dimitrios Vytiniotis and  Simon Peyton-Jones},
  title = {Refinement Types For {Haskell}},
  booktitle = {Proceedings of the International Conference on Functional Programming (ICFP'14)},
  year = 2014,
  publisher = {ACM Press},
  month = jun,
  urlpdf = {http://goto.ucsd.edu/~nvazou/refinement_types_for_haskell.pdf},
}

@INPROCEEDINGS{Xi98,
  author = {Hongwei Xi and Frank Pfenning},
  title = {Eliminating array bound checking through dependent types},
  booktitle = {Proceedings of the Conference on Programming Language Design and Implementation (PLDI'98)},
  year = 1998,
  pages = {249--257},
  editor = {Keith D. Cooper},
  publisher = {ACM Press},
  address = {Montreal, Canada},
  month = jun,
  urlpdf = {http://www.cs.cmu.edu/~fp/papers/pldi98dml.pdf},
}

@INPROCEEDINGS{Rondon08,
  author = {Patrick M. Rondon and Ming Kawaguchi and Ranjit Jhala},
  title = {Liquid Types},
  booktitle = {Proceedings of the Conference on Programming Language Design and Implementation (PLDI'08)},
  year = 2008,
  publisher = {ACM Press},
  address = {Tucson, Arizona},
  month = jun,
  urlpdf = {http://goto.ucsd.edu/~rjhala/papers/liquid_types.pdf},
}

@INPROCEEDINGS{Franco14,
  author = {Juliana Franco and Vasco Thudichum Vasconcelos},
  title = {A Concurrent Programming Language with Refined Session Types},
  booktitle = {SEFM 2013 Collocated Workshops},
  year = 2014,
  pages = {15--28},
  publisher = {Springer International Publishing},
  address = {Switzerland},
  month = nov
}

@TECHREPORT{Gordon09,
  author = {Andrew D. Gordon and C\'{e}dric Fournet},
  title = {Principles and Applications of Refinement Types},
  institution = {Microsoft Research},
  year = 2009,
  address = {Cambridge, United Kingdom},
  month = oct,
  urlpdf = {http://research.microsoft.com/pubs/104942/MSR-TR-2009-147-SP1.pdf},
}

@Unpublished{Griffith14un,
  author =       {Dennis Griffith and Frank Pfenning},
  title =        {Substructural Typing for Concurrency Encapsulated in a Functional Language},
  note =         {Submitted},
  month =     nov,
  year =      2014,
}

@Unpublished{Reed09un,
  author =       {Jason Reed},
  title =        {A Judgmental Deconstruction of Modal Logic},
  note =         {Unpublished manuscript},
  year =      2009,
}

@InProceedings{Toninho13esop,
  author =       {Bernardo Toninho and Lu{\'\i}s Caires and Frank Pfenning},
  title =        {Higher-Order Processes, Functions, and Sessions: A Monadic Integration},
  booktitle = {Proceedings of the European Symposium on Programming (ESOP'13)},
  pages =     {350--369},
  year =      2013,
  editor =    {M.Felleisen and P.Gardner},
  address =   {Rome, Italy},
  month =     mar,
  publisher = {Springer LNCS 7792},
  urlpdf =    {http://www.cs.cmu.edu/~fp/papers/papers/esop13a.pdf}
}

@InProceedings{Caires13esop,
  author =       {Lu{\'\i}s Caires and Jorge A. P{\'e}rez and Frank
                  Pfenning and Bernardo Toninho},
  title =        {Behavioral Polymorphism and Parametricity in Session-Based Communication},
  booktitle = {Proceedings of the European Symposium on Programming (ESOP'13)},
  pages =     {330--349},
  year =      2013,
  editor =    {M.Felleisen and P.Gardner},
  address =   {Rome, Italy},
  month =     mar,
  publisher = {Springer LNCS 7792},
  urlpdf = {http://www.cs.cmu.edu/~fp/papers/esop13b.pdf}
}

@InProceedings{DeYoung12csl,
  author =   {Henry DeYoung and Lu{\'\i}s Caires and Frank
                  Pfenning and Bernardo Toninho},
  title =    {Cut Reduction in Linear Logic as Asynchronous
                  Session-Typed Communication},
  booktitle = {Proceedings of the 21st Conference on Computer
                  Science Logic},
  pages =    {228--242},
  year =   2012,
  editor =   {P. C{\'e}gielski and A. Durand},
  series =   {CSL 2012},
  address =    {Fontainebleau, France},
  month =    sep,
  publisher = {Leibniz International Proceedings in Informatics},
  urlpdf = {http://www.cs.cmu.edu/~fp/papers/csl12.pdf}
}

@InProceedings{Caires10concur,
  author =   {Lu{\'\i}s Caires and Frank Pfenning},
  title =    {Session Types as Intuitionistic Linear Propositions},
  booktitle = {Proceedings of the 21st International Conference on Concurrency Theory (CONCUR 2010)},
  pages =    {222--236},
  year =   {2010},
  OPTeditor =    {P.Gastin and F.Laroussinie},
  address =    {Paris, France},
  month =    aug,
  publisher = {Springer LNCS 6269},
  urlpdf =       {http://www.cs.cmu.edu/~fp/papers/concur10.pdf}
}