@Article{Gentzen35,
  author =	"Gentzen, Gerhard",
  title =	"Untersuchungen {\"u}ber das Logische {S}chlie{\ss}en",
  journal =	"Mathematische Zeitschrift",
  volume =	39,
  year =	1935,
  pages =	"176--210, 405--431",
  note =	"English translation in M.~E. Szabo, editor, {\em The
		  Collected Papers of Gerhard Gentzen}, pages 68--131,
		  North-Holland, 1969",
  keywords =    "logic"
}

@Unpublished{Stone05un,
  author =       {Christopher A. Stone and Andrew P. Schoonmaker},
  title =        {Equational Theories with Recursive Types},
  note =         {Unpublished Manuscript},
  year =      2005}

@PhdThesis{Simmons12,
  author = {Robert J. Simmons},
  title = {Substructural Logical Specifications},
  year = {2012},
  school = {Carnegie Mellon University}
}

@PhdThesis{Toninho15phd,
  author =       {Bernardo Toninho},
  title =        {A Logical Foundation for Session-based Concurrent Computation},
  school =       {Carnegie Mellon University and Universidade Nova de Lisboa},
  year =         2015,
  month =        may,
  note =      {Available as Technical Report CMU-CS-15-109}
}

@PhdThesis{Griffith16phd,
  author =       {Dennis Griffith},
  title =        {Polarized Substructural Session Types},
  school =       {University of Illinois at Urbana-Champaign},
  year =         2016,
  month =        apr,
  note =         {In preparation}
}

@MastersThesis{Acay16,
  type = {Undergraduate Honors Thesis},
  author = {Co\c{s}ku Acay},
  title = {Refinements for Session Typed Concurrency},
  school = {Carnegie Mellon University},
  url = {http://www.coskuacay.com/papers/senior-thesis.pdf},
  year = 2016,
  month = may
}

