Automatically generated by bibdb. DO NOT MODIFY!

@inproceedings{VouillonM04,
  author = {Jerome Vouillon and
               Paul{-}Andr{\'{e}} Melli{\`{e}}s},
  title = {Semantic types: a fresh look at the ideal model for types},
  booktitle = {{POPL}},
  pages = {52--63},
  publisher = {{ACM}},
  year = {2004},
  doi = {10.1145/964001.964006}
}

@inproceedings{ToninhoCP14,
  author = {Bernardo Toninho and
               Lu{\'{\i}}s Caires and
               Frank Pfenning},
  title = {Corecursion and Non-divergence in Session-Typed Processes},
  booktitle = {{TGC}},
  series = {Lecture Notes in Computer Science},
  volume = {8902},
  pages = {159--175},
  publisher = {Springer},
  year = {2014},
  doi = {10.1007/978-3-662-45917-1_11}
}

@inproceedings{ToninhoCP13,
  author = {Bernardo Toninho and
               Lu{\'{\i}}s Caires and
               Frank Pfenning},
  title = {Higher-Order Processes, Functions, and Sessions: {A} Monadic Integration},
  booktitle = {{ESOP}},
  series = {Lecture Notes in Computer Science},
  volume = {7792},
  pages = {350--369},
  publisher = {Springer},
  year = {2013},
  doi = {10.1007/978-3-642-37036-6_20}
}

@inproceedings{PfenningG15,
  author = {Frank Pfenning and
               Dennis Griffith},
  title = {Polarized Substructural Session Types},
  booktitle = {FoSSaCS},
  series = {Lecture Notes in Computer Science},
  volume = {9034},
  pages = {3--22},
  publisher = {Springer},
  year = {2015},
  doi = {10.1007/978-3-662-46678-0_1}
}

@inproceedings{Padovani10,
  author = {Luca Padovani},
  title = {Session Types = Intersection Types + Union Types},
  booktitle = {{ITRS}},
  series = {{EPTCS}},
  volume = {45},
  pages = {71--89},
  year = {2010},
  doi = {10.4204/EPTCS.45.6}
}

@inproceedings{NicolaH87,
  author = {Rocco {De Nicola} and
               Matthew Hennessy},
  title = {{CCS} without tau's},
  booktitle = {TAPSOFT, Vol.1},
  series = {Lecture Notes in Computer Science},
  volume = {249},
  pages = {138--152},
  publisher = {Springer},
  year = {1987},
  doi = {10.1007/3-540-17660-8_53}
}

@inproceedings{Honda93,
  author = {Kohei Honda},
  title = {Types for Dyadic Interaction},
  booktitle = {{CONCUR}},
  series = {Lecture Notes in Computer Science},
  volume = {715},
  pages = {509--523},
  publisher = {Springer},
  year = {1993},
  doi = {10.1007/3-540-57208-2_35}
}

@article{Girard87,
  author = {Jean{-}Yves Girard},
  title = {Linear Logic},
  journal = {Theor. Comput. Sci.},
  volume = {50},
  pages = {1--102},
  year = {1987},
  doi = {10.1016/0304-3975(87)90045-4}
}

@article{GayH05,
  author = {Simon J. Gay and
               Malcolm Hole},
  title = {Subtyping for session types in the pi calculus},
  journal = {Acta Inf.},
  volume = {42},
  number = {2-3},
  pages = {191--225},
  year = {2005},
  doi = {10.1007/s00236-005-0177-z}
}

@inproceedings{FreemanP91,
  author = {Timothy S. Freeman and
               Frank Pfenning},
  title = {Refinement Types for {ML}},
  booktitle = {{PLDI}},
  pages = {268--277},
  publisher = {{ACM}},
  year = {1991},
  doi = {10.1145/113445.113468}
}

@inproceedings{DunfieldP04,
  author = {Joshua Dunfield and
               Frank Pfenning},
  title = {Tridirectional typechecking},
  booktitle = {{POPL}},
  pages = {281--292},
  publisher = {{ACM}},
  year = {2004},
  doi = {10.1145/964001.964025}
}

@inproceedings{Dunfield03,
  author = {Joshua Dunfield and
               Frank Pfenning},
  title = {Type Assignment for Intersections and Unions in Call-by-Value Languages},
  booktitle = {FoSSaCS},
  series = {Lecture Notes in Computer Science},
  volume = {2620},
  pages = {250--266},
  publisher = {Springer},
  year = {2003},
  doi = {10.1007/3-540-36576-1_16}
}

@inproceedings{DeYoungCPT12,
  author = {Henry DeYoung and
               Lu{\'{\i}}s Caires and
               Frank Pfenning and
               Bernardo Toninho},
  title = {Cut Reduction in Linear Logic as Asynchronous Session-Typed Communication},
  booktitle = {{CSL}},
  series = {LIPIcs},
  volume = {16},
  pages = {228--242},
  publisher = {Schloss Dagstuhl - Leibniz-Zentrum fuer Informatik},
  year = {2012},
  doi = {10.4230/LIPIcs.CSL.2012.228}
}

@techreport{Damm94p2,
  TITLE = {{Subtyping with union types, intersection types and recursive types II}},
  AUTHOR = {Damm, Flemming},
  URL = {https://hal.inria.fr/inria-00074412},
  TYPE = {Research Report},
  NUMBER = {RR-2259},
  INSTITUTION = {{INRIA}},
  YEAR = {1994},
  PDF = {https://hal.inria.fr/inria-00074412/file/RR-2259.pdf},
  HAL_ID = {inria-00074412},
  HAL_VERSION = {v1}
}

@inproceedings{Damm94,
  author = {Flemming M. Damm},
  title = {Subtyping with Union Types, Intersection Types and Recursive Types},
  booktitle = {{TACS}},
  series = {Lecture Notes in Computer Science},
  volume = {789},
  pages = {687--706},
  publisher = {Springer},
  year = {1994},
  doi = {10.1007/3-540-57887-0_121}
}

@article{CervesatoS09,
  author = {Iliano Cervesato and
               Andre Scedrov},
  title = {Relating state-based and process-based concurrency through linear
               logic (full-version)},
  journal = {Inf. Comput.},
  volume = {207},
  number = {10},
  pages = {1044--1077},
  year = {2009},
  doi = {10.1016/j.ic.2008.11.006}
}

@inproceedings{CastagnaDGP09,
  author = {Giuseppe Castagna and
               Mariangiola Dezani{-}Ciancaglini and
               Elena Giachino and
               Luca Padovani},
  title = {Foundations of session types},
  booktitle = {{PPDP}},
  pages = {219--230},
  publisher = {{ACM}},
  year = {2009},
  doi = {10.1145/1599410.1599437}
}

@inproceedings{CairesPPT13,
  author = {Lu{\'{\i}}s Caires and
               Jorge A. P{\'{e}}rez and
               Frank Pfenning and
               Bernardo Toninho},
  title = {Behavioral Polymorphism and Parametricity in Session-Based Communication},
  booktitle = {{ESOP}},
  series = {Lecture Notes in Computer Science},
  volume = {7792},
  pages = {330--349},
  publisher = {Springer},
  year = {2013},
  doi = {10.1007/978-3-642-37036-6_19}
}

@inproceedings{CairesP10,
  author = {Lu{\'{\i}}s Caires and
               Frank Pfenning},
  title = {Session Types as Intuitionistic Linear Propositions},
  booktitle = {{CONCUR}},
  series = {Lecture Notes in Computer Science},
  volume = {6269},
  pages = {222--236},
  publisher = {Springer},
  year = {2010},
  doi = {10.1007/978-3-642-15375-4_16}
}

@article{Barbanera95ic,
  author = {Franco Barbanera and
               Mariangiola Dezani{-}Ciancaglini and
               Ugo de'Liguoro},
  title = {Intersection and Union Types: Syntax and Semantics},
  journal = {Inf. Comput.},
  volume = {119},
  number = {2},
  pages = {202--230},
  year = {1995},
  doi = {10.1006/inco.1995.1086}
}

@inproceedings{AmadioC91,
  author = {Roberto M. Amadio and
               Luca Cardelli},
  title = {Subtyping Recursive Types},
  booktitle = {{POPL}},
  pages = {104--118},
  publisher = {{ACM} Press},
  year = {1991},
  doi = {10.1145/99583.99600}
}
