@UNPUBLISHED{Pfenning15,
  author = {Frank Pfenning and Dennis Griffith},
  title = {Polarized Substructural Session Types},
  year = 2015,
  note = {Draft},
  month = mar,
}

@InProceedings{Toninho13esop,
  author =       {Bernardo Toninho and Lu{\'\i}s Caires and Frank Pfenning},
  title =        {Higher-Order Processes, Functions, and Sessions: A Monadic Integration},
  booktitle = {Proceedings of the European Symposium on Programming (ESOP'13)},
  pages =     {350--369},
  year =      2013,
  editor =    {M.Felleisen and P.Gardner},
  address =   {Rome, Italy},
  month =     mar,
  publisher = {Springer LNCS 7792},
  urlpdf =    {http://www.cs.cmu.edu/~fp/papers/papers/esop13a.pdf}
}

@INPROCEEDINGS{Freeman91,
  author = {Tim Freeman and Frank Pfenning},
  title = {Refinement Types for {ML}},
  booktitle = {Proceedings of the SIGPLAN '91 Symposium on Language Design and Implementation},
  year = 1991,
  pages = {268--277},
  publisher = {ACM Press},
  address = {Toronto, Ontario},
  month = jun,
  urlpdf = {https://www.cs.cmu.edu/~fp/papers/pldi91.pdf},
}
