@inproceedings{FreemanP91,
  author    = {Tim Freeman and
               Frank Pfenning},
  title     = {Refinement Types for {ML}},
  booktitle = {Proceedings of the {ACM} SIGPLAN'91 Conference on Programming Language
               Design and Implementation (PLDI), Toronto, Ontario, Canada, June 26-28,
               1991},
  pages     = {268--277},
  year      = {1991},
  crossref  = {DBLP:conf/pldi/1991},
  url       = {http://doi.acm.org/10.1145/113445.113468},
  doi       = {10.1145/113445.113468},
  timestamp = {Mon, 21 May 2012 16:19:52 +0200},
  biburl    = {http://dblp.uni-trier.de/rec/bib/conf/pldi/FreemanP91},
  bibsource = {dblp computer science bibliography, http://dblp.org}
}

@proceedings{DBLP:conf/pldi/1991,
  editor    = {David S. Wise},
  title     = {Proceedings of the {ACM} SIGPLAN'91 Conference on Programming Language
               Design and Implementation (PLDI), Toronto, Ontario, Canada, June 26-28,
               1991},
  publisher = {{ACM}},
  year      = {1991},
  url       = {http://dl.acm.org/citation.cfm?id=113445},
  isbn      = {0-89791-428-7},
  timestamp = {Mon, 21 May 2012 16:19:52 +0200},
  biburl    = {http://dblp.uni-trier.de/rec/bib/conf/pldi/1991},
  bibsource = {dblp computer science bibliography, http://dblp.org}
}

@inproceedings{PfenningG15,
  author    = {Frank Pfenning and
               Dennis Griffith},
  title     = {Polarized Substructural Session Types},
  booktitle = {Foundations of Software Science and Computation Structures - 18th
               International Conference, FoSSaCS 2015, Held as Part of the European
               Joint Conferences on Theory and Practice of Software, {ETAPS} 2015,
               London, UK, April 11-18, 2015. Proceedings},
  pages     = {3--22},
  year      = {2015},
  crossref  = {DBLP:conf/fossacs/2015},
  url       = {http://dx.doi.org/10.1007/978-3-662-46678-0_1},
  doi       = {10.1007/978-3-662-46678-0_1},
  timestamp = {Tue, 07 Apr 2015 15:29:05 +0200},
  biburl    = {http://dblp.uni-trier.de/rec/bib/conf/fossacs/PfenningG15},
  bibsource = {dblp computer science bibliography, http://dblp.org}
}

@proceedings{DBLP:conf/fossacs/2015,
  editor    = {Andrew M. Pitts},
  title     = {Foundations of Software Science and Computation Structures - 18th
               International Conference, FoSSaCS 2015, Held as Part of the European
               Joint Conferences on Theory and Practice of Software, {ETAPS} 2015,
               London, UK, April 11-18, 2015. Proceedings},
  series    = {Lecture Notes in Computer Science},
  volume    = {9034},
  publisher = {Springer},
  year      = {2015},
  url       = {http://dx.doi.org/10.1007/978-3-662-46678-0},
  doi       = {10.1007/978-3-662-46678-0},
  isbn      = {978-3-662-46677-3},
  timestamp = {Tue, 07 Apr 2015 15:28:20 +0200},
  biburl    = {http://dblp.uni-trier.de/rec/bib/conf/fossacs/2015},
  bibsource = {dblp computer science bibliography, http://dblp.org}
}

@inproceedings{ToninhoCP13,
  author    = {Bernardo Toninho and
               Lu{\'{\i}}s Caires and
               Frank Pfenning},
  title     = {Higher-Order Processes, Functions, and Sessions: {A} Monadic Integration},
  booktitle = {Programming Languages and Systems - 22nd European Symposium on Programming,
               {ESOP} 2013, Held as Part of the European Joint Conferences on Theory
               and Practice of Software, {ETAPS} 2013, Rome, Italy, March 16-24,
               2013. Proceedings},
  pages     = {350--369},
  year      = {2013},
  crossref  = {DBLP:conf/esop/2013},
  url       = {http://dx.doi.org/10.1007/978-3-642-37036-6_20},
  doi       = {10.1007/978-3-642-37036-6_20},
  timestamp = {Mon, 18 Feb 2013 15:03:29 +0100},
  biburl    = {http://dblp.uni-trier.de/rec/bib/conf/esop/ToninhoCP13},
  bibsource = {dblp computer science bibliography, http://dblp.org}
}

@proceedings{DBLP:conf/esop/2013,
  editor    = {Matthias Felleisen and
               Philippa Gardner},
  title     = {Programming Languages and Systems - 22nd European Symposium on Programming,
               {ESOP} 2013, Held as Part of the European Joint Conferences on Theory
               and Practice of Software, {ETAPS} 2013, Rome, Italy, March 16-24,
               2013. Proceedings},
  series    = {Lecture Notes in Computer Science},
  volume    = {7792},
  publisher = {Springer},
  year      = {2013},
  url       = {http://dx.doi.org/10.1007/978-3-642-37036-6},
  doi       = {10.1007/978-3-642-37036-6},
  isbn      = {978-3-642-37035-9},
  timestamp = {Mon, 18 Feb 2013 14:59:57 +0100},
  biburl    = {http://dblp.uni-trier.de/rec/bib/conf/esop/2013},
  bibsource = {dblp computer science bibliography, http://dblp.org}
}

@inproceedings{Damm94,
  author    = {Flemming M. Damm},
  title     = {Subtyping with Union Types, Intersection Types and Recursive Types},
  booktitle = {Theoretical Aspects of Computer Software, International Conference
               {TACS} '94, Sendai, Japan, April 19-22, 1994, Proceedings},
  pages     = {687--706},
  year      = {1994},
  crossref  = {DBLP:conf/tacs/1994},
  url       = {http://dx.doi.org/10.1007/3-540-57887-0_121},
  doi       = {10.1007/3-540-57887-0_121},
  timestamp = {Tue, 14 Jun 2011 20:35:52 +0200},
  biburl    = {http://dblp.uni-trier.de/rec/bib/conf/tacs/Damm94},
  bibsource = {dblp computer science bibliography, http://dblp.org}
}

@proceedings{DBLP:conf/tacs/1994,
  editor    = {Masami Hagiya and
               John C. Mitchell},
  title     = {Theoretical Aspects of Computer Software, International Conference
               {TACS} '94, Sendai, Japan, April 19-22, 1994, Proceedings},
  series    = {Lecture Notes in Computer Science},
  volume    = {789},
  publisher = {Springer},
  year      = {1994},
  isbn      = {3-540-57887-0},
  timestamp = {Wed, 19 Jun 2002 15:02:25 +0200},
  biburl    = {http://dblp.uni-trier.de/rec/bib/conf/tacs/1994},
  bibsource = {dblp computer science bibliography, http://dblp.org}
}

@inproceedings{AmadioC91,
  author    = {Roberto M. Amadio and
               Luca Cardelli},
  title     = {Subtyping Recursive Types},
  booktitle = {Conference Record of the Eighteenth Annual {ACM} Symposium on Principles
               of Programming Languages, Orlando, Florida, USA, January 21-23, 1991},
  pages     = {104--118},
  year      = {1991},
  crossref  = {DBLP:conf/popl/1991},
  url       = {http://doi.acm.org/10.1145/99583.99600},
  doi       = {10.1145/99583.99600},
  timestamp = {Mon, 21 May 2012 16:19:49 +0200},
  biburl    = {http://dblp.uni-trier.de/rec/bib/conf/popl/AmadioC91},
  bibsource = {dblp computer science bibliography, http://dblp.org}
}

@proceedings{DBLP:conf/popl/1991,
  editor    = {David S. Wise},
  title     = {Conference Record of the Eighteenth Annual {ACM} Symposium on Principles
               of Programming Languages, Orlando, Florida, USA, January 21-23, 1991},
  publisher = {{ACM} Press},
  year      = {1991},
  url       = {http://dl.acm.org/citation.cfm?id=99583},
  isbn      = {0-89791-419-8},
  timestamp = {Mon, 21 May 2012 16:19:49 +0200},
  biburl    = {http://dblp.uni-trier.de/rec/bib/conf/popl/1991},
  bibsource = {dblp computer science bibliography, http://dblp.org}
}

@article{StoneS2005,
  title={Equational theories with recursive types},
  author={Stone, Christopher A and Schoonmaker, Andrew P},
  journal={Under consideration for publication in Journal Functional Programming},
  year={2005},
  publisher={Citeseer}
}

